<record><leader>00000cas a2200000 a 4500</leader><controlfield tag="001">13758442</controlfield><controlfield tag="008">860621d182u1826kyuwr ne      0    0eng c</controlfield><datafield ind1=" " ind2=" " tag="010"><subfield code="a">sn 86069214 </subfield></datafield><datafield ind1=" " ind2=" " tag="040"><subfield code="a">KNP</subfield><subfield code="b">eng</subfield><subfield code="c">KNP</subfield><subfield code="d">NVK</subfield><subfield code="d">CVF</subfield><subfield code="d">OCL</subfield><subfield code="d">OCLCQ</subfield><subfield code="d">OCLCF</subfield><subfield code="d">OCLCO</subfield></datafield><datafield ind1="1" ind2=" " tag="029"><subfield code="a">AU@</subfield><subfield code="b">000004694210</subfield></datafield><datafield ind1=" " ind2=" " tag="042"><subfield code="a">pcc</subfield></datafield><datafield ind1=" " ind2=" " tag="043"><subfield code="a">n-us-ky</subfield></datafield><datafield ind1="0" ind2=" " tag="130"><subfield code="a">Olive branch (Danville, Ky. : 1826)</subfield></datafield><datafield ind1="1" ind2="4" tag="245"><subfield code="a">The olive branch.</subfield></datafield><datafield ind1=" " ind2=" " tag="260"><subfield code="a">Danville, Ky. :</subfield><subfield code="b">Edmund Shipp</subfield></datafield><datafield ind1=" " ind2=" " tag="300"><subfield code="a">v.</subfield></datafield><datafield ind1=" " ind2=" " tag="310"><subfield code="a">Weekly</subfield></datafield><datafield ind1="1" ind2=" " tag="362"><subfield code="a">Ceased in 1826.</subfield></datafield><datafield ind1=" " ind2=" " tag="530"><subfield code="a">Available on microfilm from the University of Kentucky.</subfield></datafield><datafield ind1=" " ind2=" " tag="588"><subfield code="a">Description based on: Vol. 5, no. 38 (Dec. 23, 1825).</subfield></datafield><datafield ind1=" " ind2="0" tag="651"><subfield code="a">Boyle County (Ky.)</subfield><subfield code="v">Newspapers.</subfield></datafield><datafield ind1=" " ind2="0" tag="651"><subfield code="a">Danville (Ky.)</subfield><subfield code="v">Newspapers.</subfield></datafield><datafield ind1=" " ind2="7" tag="655"><subfield code="a">Newspapers.</subfield><subfield code="2">fast</subfield><subfield code="0">(OCoLC)fst01423814</subfield></datafield><datafield ind1=" " ind2="7" tag="651"><subfield code="a">Kentucky</subfield><subfield code="z">Boyle County.</subfield><subfield code="2">fast</subfield><subfield code="0">(OCoLC)fst01225166</subfield></datafield><datafield ind1=" " ind2="7" tag="651"><subfield code="a">Kentucky</subfield><subfield code="z">Danville.</subfield><subfield code="2">fast</subfield><subfield code="0">(OCoLC)fst01206444</subfield></datafield><datafield ind1=" " ind2=" " tag="752"><subfield code="a">United States</subfield><subfield code="b">Kentucky</subfield><subfield code="c">Boyle</subfield><subfield code="d">Danville.</subfield></datafield><datafield ind1="0" ind2="0" tag="780"><subfield code="t">Olive branch and western union</subfield><subfield code="w">(DLC)sn 84037839</subfield></datafield><datafield ind1="0" ind2="7" tag="785"><subfield code="t">Danville advertiser</subfield><subfield code="w">(DLC)sn 84037840</subfield></datafield><datafield ind1="0" ind2="7" tag="785"><subfield code="t">Olive branch, and Danville advertiser</subfield><subfield code="w">(DLC)sn 84037841</subfield></datafield></record>